@book{knjiga1,
  author = {Kenneth H. Rosen},
  title = {Discrete Mathematics and Its Applications}
}

@book{knjiga2,
    author = {Matthew Michalewicz, D.F. Michalewicz},
    title = {Puzzle-Based Learning: An Introduction to Critical Thinking, Mathematics, and Problem Solving}
}
